@Misc{test_citate,
    author = {Ronald Gould},
    title = {Advances on the Hamiltonian Problem - A Survey},
    url = {http://www.mathcs.emory.edu/~rg/advances.pdf},
    note = {[online]. 2002 [cit. 2017-12-05]}
}
